{
  "BTC": {
    "cvd": 1.0594000000000003,
    "stats": {
      "total_trades": 41,
      "buy_volume": 116974.21195999999,
      "sell_volume": 392.85238000000004,
      "last_price": 110038.0,
      "start_time": 1756174478.631694
    },
    "recent_trades": [
      {
        "time": 1756174478.631694,
        "price": 110039.0,
        "size": 0.00012,
        "side": "B",
        "cvd": 0.00012
      },
      {
        "time": 1756174478.631694,
        "price": 110038.0,
        "size": 0.0009,
        "side": "A",
        "cvd": -0.00078
      },
      {
        "time": 1756174478.631694,
        "price": 110039.0,
        "size": 0.02781,
        "side": "B",
        "cvd": 0.027030000000000002
      },
      {
        "time": 1756174478.631694,
        "price": 110040.0,
        "size": 0.08,
        "side": "B",
        "cvd": 0.10703
      },
      {
        "time": 1756174478.631694,
        "price": 110042.0,
        "size": 0.01257,
        "side": "B",
        "cvd": 0.1196
      },
      {
        "time": 1756174478.631694,
        "price": 110042.0,
        "size": 0.01354,
        "side": "B",
        "cvd": 0.13314
      },
      {
        "time": 1756174478.631694,
        "price": 110043.0,
        "size": 0.041,
        "side": "B",
        "cvd": 0.17414000000000002
      },
      {
        "time": 1756174478.631694,
        "price": 110043.0,
        "size": 0.041,
        "side": "B",
        "cvd": 0.21514000000000003
      },
      {
        "time": 1756174478.631694,
        "price": 110043.0,
        "size": 0.041,
        "side": "B",
        "cvd": 0.25614000000000003
      },
      {
        "time": 1756174478.6327875,
        "price": 110044.0,
        "size": 0.041,
        "side": "B",
        "cvd": 0.29714
      },
      {
        "time": 1756174478.6327875,
        "price": 110044.0,
        "size": 0.041,
        "side": "B",
        "cvd": 0.33814
      },
      {
        "time": 1756174478.6327875,
        "price": 110044.0,
        "size": 0.0001,
        "side": "B",
        "cvd": 0.33824
      },
      {
        "time": 1756174478.6327875,
        "price": 110044.0,
        "size": 0.09087,
        "side": "B",
        "cvd": 0.42911
      },
      {
        "time": 1756174478.6327875,
        "price": 110044.0,
        "size": 0.09044,
        "side": "B",
        "cvd": 0.51955
      },
      {
        "time": 1756174478.6327875,
        "price": 110044.0,
        "size": 0.04543,
        "side": "B",
        "cvd": 0.5649799999999999
      },
      {
        "time": 1756174478.6327875,
        "price": 110045.0,
        "size": 0.041,
        "side": "B",
        "cvd": 0.60598
      },
      {
        "time": 1756174478.6327875,
        "price": 110045.0,
        "size": 0.041,
        "side": "B",
        "cvd": 0.64698
      },
      {
        "time": 1756174478.6327875,
        "price": 110045.0,
        "size": 0.00011,
        "side": "B",
        "cvd": 0.64709
      },
      {
        "time": 1756174478.6327875,
        "price": 110045.0,
        "size": 0.00011,
        "side": "B",
        "cvd": 0.6472000000000001
      },
      {
        "time": 1756174478.6327875,
        "price": 110045.0,
        "size": 0.00909,
        "side": "B",
        "cvd": 0.6562900000000002
      },
      {
        "time": 1756174478.6327875,
        "price": 110045.0,
        "size": 0.09204,
        "side": "B",
        "cvd": 0.7483300000000002
      },
      {
        "time": 1756174478.6327875,
        "price": 110045.0,
        "size": 0.00519,
        "side": "B",
        "cvd": 0.7535200000000002
      },
      {
        "time": 1756174478.6327875,
        "price": 110045.0,
        "size": 0.00537,
        "side": "B",
        "cvd": 0.7588900000000002
      },
      {
        "time": 1756174478.6327875,
        "price": 110045.0,
        "size": 0.00084,
        "side": "B",
        "cvd": 0.7597300000000001
      },
      {
        "time": 1756174478.6327875,
        "price": 110044.0,
        "size": 0.00203,
        "side": "A",
        "cvd": 0.7577000000000002
      },
      {
        "time": 1756174478.6327875,
        "price": 110044.0,
        "size": 0.0005,
        "side": "A",
        "cvd": 0.7572000000000002
      },
      {
        "time": 1756174478.6327875,
        "price": 110045.0,
        "size": 0.04544,
        "side": "B",
        "cvd": 0.8026400000000002
      },
      {
        "time": 1756174478.6327875,
        "price": 110045.0,
        "size": 0.0121,
        "side": "B",
        "cvd": 0.8147400000000002
      },
      {
        "time": 1756174478.6327875,
        "price": 110047.0,
        "size": 0.041,
        "side": "B",
        "cvd": 0.8557400000000003
      },
      {
        "time": 1756174478.6327875,
        "price": 110047.0,
        "size": 0.02251,
        "side": "B",
        "cvd": 0.8782500000000003
      },
      {
        "time": 1756174479.4610424,
        "price": 110050.0,
        "size": 0.00374,
        "side": "B",
        "cvd": 0.8819900000000003
      },
      {
        "time": 1756174480.244136,
        "price": 110050.0,
        "size": 0.00012,
        "side": "B",
        "cvd": 0.8821100000000003
      },
      {
        "time": 1756174480.244136,
        "price": 110049.0,
        "size": 0.00014,
        "side": "A",
        "cvd": 0.8819700000000003
      },
      {
        "time": 1756174481.1530497,
        "price": 110050.0,
        "size": 0.0001,
        "side": "B",
        "cvd": 0.8820700000000002
      },
      {
        "time": 1756174483.0643153,
        "price": 110050.0,
        "size": 0.15128,
        "side": "B",
        "cvd": 1.0333500000000002
      },
      {
        "time": 1756174483.146307,
        "price": 110050.0,
        "size": 0.00032,
        "side": "B",
        "cvd": 1.0336700000000003
      },
      {
        "time": 1756174483.5831852,
        "price": 110045.0,
        "size": 0.0081,
        "side": "B",
        "cvd": 1.0417700000000003
      },
      {
        "time": 1756174485.1176805,
        "price": 110045.0,
        "size": 0.00103,
        "side": "B",
        "cvd": 1.0428000000000004
      },
      {
        "time": 1756174485.2340002,
        "price": 110045.0,
        "size": 0.0122,
        "side": "B",
        "cvd": 1.0550000000000004
      },
      {
        "time": 1756174486.362682,
        "price": 110045.0,
        "size": 0.00072,
        "side": "B",
        "cvd": 1.0557200000000004
      },
      {
        "time": 1756174487.9501424,
        "price": 110038.0,
        "size": 0.00368,
        "side": "B",
        "cvd": 1.0594000000000003
      }
    ]
  },
  "ETH": {
    "cvd": 34.0362,
    "stats": {
      "total_trades": 134,
      "buy_volume": 379611.05438000005,
      "sell_volume": 228339.27315000005,
      "last_price": 4442.4,
      "start_time": 1756174478.8384228
    },
    "recent_trades": [
      {
        "time": 1756174479.9235628,
        "price": 4443.7,
        "size": 0.2218,
        "side": "B",
        "cvd": -7.3027
      },
      {
        "time": 1756174479.9235628,
        "price": 4443.7,
        "size": 0.18,
        "side": "B",
        "cvd": -7.1227
      },
      {
        "time": 1756174479.9235628,
        "price": 4443.8,
        "size": 2.2503,
        "side": "B",
        "cvd": -4.8724
      },
      {
        "time": 1756174479.9235628,
        "price": 4443.9,
        "size": 0.0971,
        "side": "B",
        "cvd": -4.7753
      },
      {
        "time": 1756174480.244136,
        "price": 4443.9,
        "size": 0.0323,
        "side": "B",
        "cvd": -4.742999999999999
      },
      {
        "time": 1756174480.5205092,
        "price": 4443.8,
        "size": 0.128,
        "side": "A",
        "cvd": -4.8709999999999996
      },
      {
        "time": 1756174481.1530497,
        "price": 4443.8,
        "size": 0.0347,
        "side": "A",
        "cvd": -4.9056999999999995
      },
      {
        "time": 1756174481.1530497,
        "price": 4443.9,
        "size": 0.1006,
        "side": "B",
        "cvd": -4.8050999999999995
      },
      {
        "time": 1756174481.1530497,
        "price": 4443.9,
        "size": 0.1491,
        "side": "B",
        "cvd": -4.656
      },
      {
        "time": 1756174481.1530497,
        "price": 4443.9,
        "size": 0.004,
        "side": "B",
        "cvd": -4.652
      },
      {
        "time": 1756174481.1530497,
        "price": 4443.8,
        "size": 0.0156,
        "side": "A",
        "cvd": -4.6676
      },
      {
        "time": 1756174481.703581,
        "price": 4443.9,
        "size": 0.0769,
        "side": "B",
        "cvd": -4.5907
      },
      {
        "time": 1756174481.703581,
        "price": 4443.9,
        "size": 0.0525,
        "side": "B",
        "cvd": -4.5382
      },
      {
        "time": 1756174481.933989,
        "price": 4443.9,
        "size": 0.1775,
        "side": "B",
        "cvd": -4.3607
      },
      {
        "time": 1756174481.933989,
        "price": 4443.9,
        "size": 0.23,
        "side": "B",
        "cvd": -4.130699999999999
      },
      {
        "time": 1756174481.933989,
        "price": 4443.9,
        "size": 0.225,
        "side": "B",
        "cvd": -3.905699999999999
      },
      {
        "time": 1756174481.933989,
        "price": 4443.9,
        "size": 0.18,
        "side": "B",
        "cvd": -3.725699999999999
      },
      {
        "time": 1756174481.933989,
        "price": 4443.9,
        "size": 1.1875,
        "side": "B",
        "cvd": -2.538199999999999
      },
      {
        "time": 1756174482.8837461,
        "price": 4443.8,
        "size": 0.873,
        "side": "A",
        "cvd": -3.411199999999999
      },
      {
        "time": 1756174483.146307,
        "price": 4443.9,
        "size": 0.0026,
        "side": "B",
        "cvd": -3.408599999999999
      },
      {
        "time": 1756174483.146307,
        "price": 4443.9,
        "size": 0.014,
        "side": "B",
        "cvd": -3.394599999999999
      },
      {
        "time": 1756174483.5831852,
        "price": 4443.8,
        "size": 2.927,
        "side": "A",
        "cvd": -6.321599999999999
      },
      {
        "time": 1756174483.5831852,
        "price": 4443.8,
        "size": 0.3952,
        "side": "A",
        "cvd": -6.716799999999999
      },
      {
        "time": 1756174484.212353,
        "price": 4443.9,
        "size": 0.0039,
        "side": "B",
        "cvd": -6.712899999999999
      },
      {
        "time": 1756174484.212353,
        "price": 4443.9,
        "size": 0.225,
        "side": "B",
        "cvd": -6.4879
      },
      {
        "time": 1756174484.212353,
        "price": 4443.9,
        "size": 0.025,
        "side": "B",
        "cvd": -6.462899999999999
      },
      {
        "time": 1756174484.7464812,
        "price": 4443.8,
        "size": 1.35,
        "side": "A",
        "cvd": -7.812899999999999
      },
      {
        "time": 1756174485.1176805,
        "price": 4443.8,
        "size": 0.1707,
        "side": "A",
        "cvd": -7.983599999999999
      },
      {
        "time": 1756174485.1176805,
        "price": 4443.8,
        "size": 0.0025,
        "side": "A",
        "cvd": -7.9860999999999995
      },
      {
        "time": 1756174485.2805192,
        "price": 4443.9,
        "size": 0.155,
        "side": "B",
        "cvd": -7.831099999999999
      },
      {
        "time": 1756174485.2805192,
        "price": 4443.9,
        "size": 0.1515,
        "side": "B",
        "cvd": -7.679599999999999
      },
      {
        "time": 1756174485.675201,
        "price": 4443.8,
        "size": 0.0057,
        "side": "A",
        "cvd": -7.685299999999999
      },
      {
        "time": 1756174486.362682,
        "price": 4443.9,
        "size": 0.0785,
        "side": "B",
        "cvd": -7.606799999999999
      },
      {
        "time": 1756174486.362682,
        "price": 4443.9,
        "size": 0.2138,
        "side": "B",
        "cvd": -7.392999999999999
      },
      {
        "time": 1756174486.362682,
        "price": 4443.9,
        "size": 0.3809,
        "side": "B",
        "cvd": -7.0120999999999984
      },
      {
        "time": 1756174486.362682,
        "price": 4443.9,
        "size": 1.8693,
        "side": "B",
        "cvd": -5.1427999999999985
      },
      {
        "time": 1756174486.362682,
        "price": 4443.9,
        "size": 0.1691,
        "side": "B",
        "cvd": -4.973699999999998
      },
      {
        "time": 1756174486.362682,
        "price": 4443.8,
        "size": 0.048,
        "side": "A",
        "cvd": -5.021699999999998
      },
      {
        "time": 1756174486.9500902,
        "price": 4443.9,
        "size": 2.0811,
        "side": "B",
        "cvd": -2.940599999999998
      },
      {
        "time": 1756174486.9500902,
        "price": 4443.9,
        "size": 0.225,
        "side": "B",
        "cvd": -2.715599999999998
      },
      {
        "time": 1756174486.9500902,
        "price": 4443.9,
        "size": 2.2502,
        "side": "B",
        "cvd": -0.46539999999999804
      },
      {
        "time": 1756174486.9500902,
        "price": 4443.9,
        "size": 0.23,
        "side": "B",
        "cvd": -0.23539999999999803
      },
      {
        "time": 1756174486.9500902,
        "price": 4443.9,
        "size": 4.5005,
        "side": "B",
        "cvd": 4.265100000000002
      },
      {
        "time": 1756174486.9500902,
        "price": 4443.9,
        "size": 0.7132,
        "side": "B",
        "cvd": 4.978300000000002
      },
      {
        "time": 1756174487.406941,
        "price": 4443.9,
        "size": 12.7962,
        "side": "B",
        "cvd": 17.774500000000003
      },
      {
        "time": 1756174487.406941,
        "price": 4443.9,
        "size": 11.9584,
        "side": "B",
        "cvd": 29.7329
      },
      {
        "time": 1756174487.406941,
        "price": 4443.9,
        "size": 0.6498,
        "side": "B",
        "cvd": 30.3827
      },
      {
        "time": 1756174487.406941,
        "price": 4443.9,
        "size": 0.1125,
        "side": "B",
        "cvd": 30.4952
      },
      {
        "time": 1756174487.406941,
        "price": 4443.9,
        "size": 1.3842,
        "side": "B",
        "cvd": 31.8794
      },
      {
        "time": 1756174487.4422224,
        "price": 4443.8,
        "size": 0.0589,
        "side": "A",
        "cvd": 31.8205
      },
      {
        "time": 1756174487.4422224,
        "price": 4443.8,
        "size": 0.0108,
        "side": "A",
        "cvd": 31.8097
      },
      {
        "time": 1756174487.4422224,
        "price": 4443.6,
        "size": 3.2526,
        "side": "A",
        "cvd": 28.5571
      },
      {
        "time": 1756174487.645172,
        "price": 4443.7,
        "size": 0.17,
        "side": "B",
        "cvd": 28.7271
      },
      {
        "time": 1756174487.8363667,
        "price": 4443.6,
        "size": 0.5474,
        "side": "A",
        "cvd": 28.1797
      },
      {
        "time": 1756174487.8363667,
        "price": 4443.6,
        "size": 0.019,
        "side": "A",
        "cvd": 28.160700000000002
      },
      {
        "time": 1756174487.8363667,
        "price": 4443.5,
        "size": 0.7836,
        "side": "A",
        "cvd": 27.377100000000002
      },
      {
        "time": 1756174487.8363667,
        "price": 4443.5,
        "size": 0.169,
        "side": "A",
        "cvd": 27.2081
      },
      {
        "time": 1756174488.445223,
        "price": 4443.6,
        "size": 0.128,
        "side": "B",
        "cvd": 27.336100000000002
      },
      {
        "time": 1756174488.445223,
        "price": 4443.6,
        "size": 0.9614,
        "side": "B",
        "cvd": 28.297500000000003
      },
      {
        "time": 1756174488.445223,
        "price": 4443.6,
        "size": 10.0,
        "side": "B",
        "cvd": 38.2975
      },
      {
        "time": 1756174488.445223,
        "price": 4443.6,
        "size": 4.9567,
        "side": "B",
        "cvd": 43.2542
      },
      {
        "time": 1756174488.445223,
        "price": 4443.6,
        "size": 1.5827,
        "side": "B",
        "cvd": 44.8369
      },
      {
        "time": 1756174489.229339,
        "price": 4443.5,
        "size": 0.0046,
        "side": "A",
        "cvd": 44.8323
      },
      {
        "time": 1756174489.229339,
        "price": 4443.5,
        "size": 0.1234,
        "side": "A",
        "cvd": 44.7089
      },
      {
        "time": 1756174489.505616,
        "price": 4443.3,
        "size": 0.1264,
        "side": "A",
        "cvd": 44.5825
      },
      {
        "time": 1756174489.505616,
        "price": 4443.2,
        "size": 0.0996,
        "side": "A",
        "cvd": 44.4829
      },
      {
        "time": 1756174489.505616,
        "price": 4443.2,
        "size": 0.0404,
        "side": "A",
        "cvd": 44.4425
      },
      {
        "time": 1756174489.505616,
        "price": 4443.1,
        "size": 0.962,
        "side": "A",
        "cvd": 43.4805
      },
      {
        "time": 1756174489.505616,
        "price": 4442.8,
        "size": 0.3486,
        "side": "A",
        "cvd": 43.1319
      },
      {
        "time": 1756174489.7224915,
        "price": 4442.8,
        "size": 0.0211,
        "side": "A",
        "cvd": 43.110800000000005
      },
      {
        "time": 1756174489.7224915,
        "price": 4442.9,
        "size": 0.019,
        "side": "B",
        "cvd": 43.1298
      },
      {
        "time": 1756174489.7224915,
        "price": 4442.9,
        "size": 0.941,
        "side": "B",
        "cvd": 44.070800000000006
      },
      {
        "time": 1756174489.7224915,
        "price": 4442.9,
        "size": 0.0266,
        "side": "B",
        "cvd": 44.09740000000001
      },
      {
        "time": 1756174490.3112168,
        "price": 4442.9,
        "size": 0.9334,
        "side": "B",
        "cvd": 45.030800000000006
      },
      {
        "time": 1756174490.3112168,
        "price": 4442.9,
        "size": 0.1404,
        "side": "B",
        "cvd": 45.171200000000006
      },
      {
        "time": 1756174490.3112168,
        "price": 4442.9,
        "size": 0.8589,
        "side": "B",
        "cvd": 46.030100000000004
      },
      {
        "time": 1756174490.3112168,
        "price": 4442.9,
        "size": 3.3982,
        "side": "B",
        "cvd": 49.42830000000001
      },
      {
        "time": 1756174490.3112168,
        "price": 4442.9,
        "size": 10.8501,
        "side": "B",
        "cvd": 60.278400000000005
      },
      {
        "time": 1756174490.3112168,
        "price": 4442.8,
        "size": 2.1618,
        "side": "A",
        "cvd": 58.116600000000005
      },
      {
        "time": 1756174490.3112168,
        "price": 4442.8,
        "size": 0.2442,
        "side": "A",
        "cvd": 57.872400000000006
      },
      {
        "time": 1756174490.3112168,
        "price": 4442.8,
        "size": 7.862,
        "side": "A",
        "cvd": 50.010400000000004
      },
      {
        "time": 1756174491.1108284,
        "price": 4442.9,
        "size": 0.0316,
        "side": "B",
        "cvd": 50.042
      },
      {
        "time": 1756174491.1108284,
        "price": 4442.8,
        "size": 0.0033,
        "side": "A",
        "cvd": 50.0387
      },
      {
        "time": 1756174491.1108284,
        "price": 4442.9,
        "size": 0.0208,
        "side": "B",
        "cvd": 50.0595
      },
      {
        "time": 1756174491.1108284,
        "price": 4442.9,
        "size": 1.3794,
        "side": "B",
        "cvd": 51.4389
      },
      {
        "time": 1756174491.409489,
        "price": 4442.8,
        "size": 3.3222,
        "side": "A",
        "cvd": 48.116699999999994
      },
      {
        "time": 1756174491.7221203,
        "price": 4442.8,
        "size": 0.226,
        "side": "A",
        "cvd": 47.890699999999995
      },
      {
        "time": 1756174491.7221203,
        "price": 4442.8,
        "size": 0.226,
        "side": "A",
        "cvd": 47.664699999999996
      },
      {
        "time": 1756174491.7221203,
        "price": 4442.8,
        "size": 0.226,
        "side": "A",
        "cvd": 47.4387
      },
      {
        "time": 1756174491.7896533,
        "price": 4442.7,
        "size": 0.0589,
        "side": "A",
        "cvd": 47.379799999999996
      },
      {
        "time": 1756174491.7896533,
        "price": 4442.6,
        "size": 0.1264,
        "side": "A",
        "cvd": 47.2534
      },
      {
        "time": 1756174491.7896533,
        "price": 4442.4,
        "size": 0.0447,
        "side": "A",
        "cvd": 47.2087
      },
      {
        "time": 1756174491.7896533,
        "price": 4442.4,
        "size": 0.226,
        "side": "A",
        "cvd": 46.9827
      },
      {
        "time": 1756174491.7896533,
        "price": 4442.4,
        "size": 0.226,
        "side": "A",
        "cvd": 46.7567
      },
      {
        "time": 1756174491.7896533,
        "price": 4442.4,
        "size": 0.226,
        "side": "A",
        "cvd": 46.5307
      },
      {
        "time": 1756174491.7896533,
        "price": 4442.4,
        "size": 0.226,
        "side": "A",
        "cvd": 46.304700000000004
      },
      {
        "time": 1756174491.7896533,
        "price": 4442.4,
        "size": 0.226,
        "side": "A",
        "cvd": 46.078700000000005
      },
      {
        "time": 1756174491.7896533,
        "price": 4442.4,
        "size": 0.226,
        "side": "A",
        "cvd": 45.852700000000006
      },
      {
        "time": 1756174491.9047496,
        "price": 4442.4,
        "size": 2.3993,
        "side": "A",
        "cvd": 43.4534
      },
      {
        "time": 1756174491.9047496,
        "price": 4442.4,
        "size": 9.4172,
        "side": "A",
        "cvd": 34.0362
      }
    ]
  },
  "SOL": {
    "cvd": -124.07999999999997,
    "stats": {
      "total_trades": 55,
      "buy_volume": 16445.03,
      "sell_volume": 39893.39829999999,
      "last_price": 189.1,
      "start_time": 1756174478.8610723
    },
    "recent_trades": [
      {
        "time": 1756174478.8610723,
        "price": 188.94,
        "size": 5.3,
        "side": "B",
        "cvd": 5.3
      },
      {
        "time": 1756174478.8610723,
        "price": 188.94,
        "size": 1.43,
        "side": "B",
        "cvd": 6.7299999999999995
      },
      {
        "time": 1756174478.8610723,
        "price": 189.01,
        "size": 0.24,
        "side": "B",
        "cvd": 6.97
      },
      {
        "time": 1756174478.8610723,
        "price": 189.01,
        "size": 0.49,
        "side": "B",
        "cvd": 7.46
      },
      {
        "time": 1756174478.8610723,
        "price": 189.01,
        "size": 0.26,
        "side": "B",
        "cvd": 7.72
      },
      {
        "time": 1756174478.8610723,
        "price": 189.01,
        "size": 0.26,
        "side": "B",
        "cvd": 7.9799999999999995
      },
      {
        "time": 1756174478.8610723,
        "price": 189.01,
        "size": 1.0,
        "side": "B",
        "cvd": 8.98
      },
      {
        "time": 1756174478.8610723,
        "price": 189.02,
        "size": 2.68,
        "side": "B",
        "cvd": 11.66
      },
      {
        "time": 1756174478.8610723,
        "price": 189.01,
        "size": 0.07,
        "side": "A",
        "cvd": 11.59
      },
      {
        "time": 1756174478.8610723,
        "price": 189.01,
        "size": 10.43,
        "side": "A",
        "cvd": 1.1600000000000001
      },
      {
        "time": 1756174478.8610723,
        "price": 189.01,
        "size": 158.73,
        "side": "A",
        "cvd": -157.57
      },
      {
        "time": 1756174478.8610723,
        "price": 189.01,
        "size": 1.0,
        "side": "A",
        "cvd": -158.57
      },
      {
        "time": 1756174478.8610723,
        "price": 189.01,
        "size": 11.98,
        "side": "A",
        "cvd": -170.54999999999998
      },
      {
        "time": 1756174478.8610723,
        "price": 189.02,
        "size": 0.49,
        "side": "B",
        "cvd": -170.05999999999997
      },
      {
        "time": 1756174478.8610723,
        "price": 189.02,
        "size": 0.08,
        "side": "B",
        "cvd": -169.97999999999996
      },
      {
        "time": 1756174478.8610723,
        "price": 189.02,
        "size": 0.47,
        "side": "B",
        "cvd": -169.50999999999996
      },
      {
        "time": 1756174478.8610723,
        "price": 189.03,
        "size": 8.54,
        "side": "B",
        "cvd": -160.96999999999997
      },
      {
        "time": 1756174478.8610723,
        "price": 189.04,
        "size": 10.5,
        "side": "A",
        "cvd": -171.46999999999997
      },
      {
        "time": 1756174478.8610723,
        "price": 189.04,
        "size": 12.13,
        "side": "A",
        "cvd": -183.59999999999997
      },
      {
        "time": 1756174478.8610723,
        "price": 189.05,
        "size": 2.15,
        "side": "B",
        "cvd": -181.44999999999996
      },
      {
        "time": 1756174478.8610723,
        "price": 189.05,
        "size": 0.49,
        "side": "B",
        "cvd": -180.95999999999995
      },
      {
        "time": 1756174478.8610723,
        "price": 189.05,
        "size": 2.66,
        "side": "B",
        "cvd": -178.29999999999995
      },
      {
        "time": 1756174478.8610723,
        "price": 189.05,
        "size": 0.51,
        "side": "B",
        "cvd": -177.78999999999996
      },
      {
        "time": 1756174478.8610723,
        "price": 189.05,
        "size": 0.2,
        "side": "B",
        "cvd": -177.58999999999997
      },
      {
        "time": 1756174478.8610723,
        "price": 189.05,
        "size": 0.52,
        "side": "B",
        "cvd": -177.06999999999996
      },
      {
        "time": 1756174478.8610723,
        "price": 189.05,
        "size": 1.51,
        "side": "B",
        "cvd": -175.55999999999997
      },
      {
        "time": 1756174478.8610723,
        "price": 189.06,
        "size": 0.22,
        "side": "B",
        "cvd": -175.33999999999997
      },
      {
        "time": 1756174478.8610723,
        "price": 189.06,
        "size": 0.48,
        "side": "B",
        "cvd": -174.85999999999999
      },
      {
        "time": 1756174478.8610723,
        "price": 189.05,
        "size": 5.72,
        "side": "A",
        "cvd": -180.57999999999998
      },
      {
        "time": 1756174478.8610723,
        "price": 189.06,
        "size": 0.1,
        "side": "B",
        "cvd": -180.48
      },
      {
        "time": 1756174479.3105137,
        "price": 189.06,
        "size": 0.21,
        "side": "B",
        "cvd": -180.26999999999998
      },
      {
        "time": 1756174479.3105137,
        "price": 189.09,
        "size": 5.3,
        "side": "B",
        "cvd": -174.96999999999997
      },
      {
        "time": 1756174479.3105137,
        "price": 189.09,
        "size": 4.12,
        "side": "B",
        "cvd": -170.84999999999997
      },
      {
        "time": 1756174481.1530497,
        "price": 189.09,
        "size": 0.06,
        "side": "B",
        "cvd": -170.78999999999996
      },
      {
        "time": 1756174482.1479132,
        "price": 189.09,
        "size": 0.88,
        "side": "B",
        "cvd": -169.90999999999997
      },
      {
        "time": 1756174483.146307,
        "price": 189.09,
        "size": 0.37,
        "side": "B",
        "cvd": -169.53999999999996
      },
      {
        "time": 1756174485.2805192,
        "price": 189.09,
        "size": 0.16,
        "side": "B",
        "cvd": -169.37999999999997
      },
      {
        "time": 1756174485.2805192,
        "price": 189.09,
        "size": 0.1,
        "side": "B",
        "cvd": -169.27999999999997
      },
      {
        "time": 1756174485.2805192,
        "price": 189.09,
        "size": 0.26,
        "side": "B",
        "cvd": -169.01999999999998
      },
      {
        "time": 1756174485.2805192,
        "price": 189.09,
        "size": 5.28,
        "side": "B",
        "cvd": -163.73999999999998
      },
      {
        "time": 1756174485.4180627,
        "price": 189.09,
        "size": 5.28,
        "side": "B",
        "cvd": -158.45999999999998
      },
      {
        "time": 1756174485.4180627,
        "price": 189.09,
        "size": 5.28,
        "side": "B",
        "cvd": -153.17999999999998
      },
      {
        "time": 1756174485.8605542,
        "price": 189.1,
        "size": 5.28,
        "side": "B",
        "cvd": -147.89999999999998
      },
      {
        "time": 1756174485.8605542,
        "price": 189.1,
        "size": 0.02,
        "side": "B",
        "cvd": -147.87999999999997
      },
      {
        "time": 1756174485.8605542,
        "price": 189.1,
        "size": 5.26,
        "side": "B",
        "cvd": -142.61999999999998
      },
      {
        "time": 1756174486.043775,
        "price": 189.1,
        "size": 0.04,
        "side": "B",
        "cvd": -142.57999999999998
      },
      {
        "time": 1756174486.043775,
        "price": 189.1,
        "size": 5.24,
        "side": "B",
        "cvd": -137.33999999999997
      },
      {
        "time": 1756174486.362682,
        "price": 189.1,
        "size": 0.06,
        "side": "B",
        "cvd": -137.27999999999997
      },
      {
        "time": 1756174486.362682,
        "price": 189.1,
        "size": 0.08,
        "side": "B",
        "cvd": -137.19999999999996
      },
      {
        "time": 1756174486.7880046,
        "price": 189.09,
        "size": 0.5,
        "side": "A",
        "cvd": -137.69999999999996
      },
      {
        "time": 1756174487.2492898,
        "price": 189.1,
        "size": 0.06,
        "side": "B",
        "cvd": -137.63999999999996
      },
      {
        "time": 1756174490.3112168,
        "price": 189.1,
        "size": 3.94,
        "side": "B",
        "cvd": -133.69999999999996
      },
      {
        "time": 1756174491.1108284,
        "price": 189.1,
        "size": 1.22,
        "side": "B",
        "cvd": -132.47999999999996
      },
      {
        "time": 1756174491.1108284,
        "price": 189.1,
        "size": 5.3,
        "side": "B",
        "cvd": -127.17999999999996
      },
      {
        "time": 1756174491.1108284,
        "price": 189.1,
        "size": 3.1,
        "side": "B",
        "cvd": -124.07999999999997
      }
    ]
  }
}